@article{Hana2019,
  title = {Počítačová fyzika a modelovanie},
  publisher = {Ústav experimentálnej fyziky, Slovenská akadémia vied},
  year = {2019},
  author = {Hana Čenčariková},
  pages = {114},
  language = {slovak}
}

@INPROCEEDINGS{8109257,
  author={Kim, Taehyoun and Park, Samjoon and Lee, Taeho},
  booktitle={2017 IEEE International Symposium on Software Reliability Engineering Workshops (ISSREW)}, 
  title={Applying software reliability engineering process to software development in Korea defense industry}, 
  year={2017},
  volume={},
  number={},
  pages={81-81},
  doi={10.1109/ISSREW.2017.26}}

@article{Klaus,
  title = {Modelling and simulation in defence},
  publisher = {Information & Security An International Journal},
  year = {2003},
  author = {Klaus Niemeyer},
  pages = {24},
  language = {english}
}
@INPROCEEDINGS{8612752,
  author={Zhang, Han-feng and Liu, Xian-min and Liu, Qiang and Wu, Zhong-wang},
  booktitle={2018 5th International Conference on Information Science and Control Engineering (ICISCE)}, 
  title={Simulation Design of Air Defense Forces Operation Action Supported by Space Information}, 
  year={2018},
  volume={},
  number={},
  pages={1249-1252},
  doi={10.1109/ICISCE.2018.00254}}